@inproceedings{LeeCho09,
  author = {Sang-Heon Lee and Nam-Ik Cho},
  booktitle = {Image Processing (ICIP), 2009 16th IEEE International Conference on},
  title = {Intra prediction method based on the linear relationship between the channels for YUV 4:2:0 intra coding},
  year = {2009},
  month = {Nov},
  pages = {1037-1040},
  keywords = {channel coding;data compression;image colour analysis;image reconstruction;prediction theory;video coding;H.264/AVC;RGB transformation;YUV 4:2:0 intra coding;YUV color space;chrominance channels;chrominance pixels;color image compression;implicit prediction method;interchannel correlation;intra chrominance prediction method;linear function model;luminance channel;luminance signal reconstruction;Automatic voltage control;Color;Compression algorithms;Decorrelation;Image coding;Motion pictures;Parameter estimation;Prediction methods;Predictive models;Video compression;Inter-Channel Correlation;Intra Coding},
  doi = {10.1109/ICIP.2009.5413727},
  ISSN = {1522-4880},
}

@misc{DaalaWebsite,
  title = {Daala website},
  howpublished = "\url{https://xiph.org/daala/}",
}

@misc{WebPWebsite,
  title = {Web{P} Website},
  howpublished = "\url{https://developers.google.com/speed/webp/}",
}

@misc{BPGWebsite,
  title = {{BPG} Website},
  howpublished = "\url{http://bellard.org/bpg/}",
}

@misc{DaalaGit,
  title = {Daala git repository},
  howpublished = "\url{https://git.xiph.org/daala.git}",
}

@misc{DaalaDemo2,
  title = {Introducing Daala part 2: Frequency Domain Intra Prediction},
  howpublished = "\url{http://people.xiph.org/~xiphmont/demo/daala/demo2.shtml}"
}

@misc{DaalaDemo6,
  title = {Daala, {P}art 6: Perceptual Vector Quantization},
  howpublished = "\url{https://people.xiph.org/~jm/daala/pvq\_demo/}",
}

@inproceedings{JCTVCB021,
  author = {Jungsun Kim and SeungWook Park and Younghee Choi and YongJoon Jeon and ByeongMoon Jeon},
  title = {New Intra Chroma Prediction Using Inter-Channel Correlation},
  year = {2010},
  month = {July},
  number = {JCTVC-B021},
  organization = {Joint Collaborative Team on Video Coding (JCT-VC) of ITU-T VCEG and ISO/IEC MPEG},
  address = {Geneva, Switzerland, 2nd meeting}
}

@conference{valin2013high,
  title = {High-Quality, Low-Delay Music Coding in the Opus Codec},
  author = {Valin, Jean-Marc and Maxwell, Gregory and Terriberry, Timothy B. and Vos, Koen},
  booktitle = {Audio Engineering Society Convention 135},
  month = {Oct},
  year = {2013},
  url = {http://www.aes.org/e-lib/browse.cfm?elib=16992}
}

@article{Tran2003,
  author={Tran, T.D. and Jie Liang and Chengjie Tu},
  journal={Signal Processing, IEEE Transactions on},
  title={Lapped transform via time-domain pre- and post-filtering},
  year={2003},
  month={June},
  volume={51},
  number={6},
  pages={1557-1571},
  keywords={VLSI;computational complexity;data compression;digital filters;digital signal processing chips;discrete cosine transforms;image coding;optimisation;transform coding;DCT-based infrastructures;VLSI-friendly fast lapped transforms;approximate optimal solutions;binDCT;block transform;block-based signal decomposition;closed-form solutions;coding gains;computational complexity;discrete cosine transform;image coding;lapped transform;lifting steps;multiplierless block transform;multiplierless post-filters;multiplierless pre-filters;plane rotation operators;reversible integer-to-integer mapping;symmetric basis functions;time-domain post-filtering;time-domain post-processing module;time-domain pre-filtering;time-domain pre-processing module;Compaction;Computational complexity;Discrete cosine transforms;Discrete transforms;Signal generators;Signal mapping;Signal processing;Signal resolution;Time domain analysis;Very large scale integration},
  doi={10.1109/TSP.2003.811222},
  ISSN={1053-587X},
}

@inproceedings{oliv2011,
  author={de Oliveira, R.G. and Pesquet-Popescu, B.},
  booktitle={Acoustics, Speech and Signal Processing (ICASSP), 2011 IEEE International Conference on},
  title={Intra-frame prediction with lapped transforms for image coding},
  year={2011},
  month={May},
  pages={805-808},
  keywords={discrete cosine transforms;image coding;DCT;current block pixel;image coding;intra-frame prediction;lapped transform;Discrete cosine transforms;Encoding;Image coding;Image reconstruction;Pixel;Transform coding;H.264/AVC;Lapped transforms;image coding;intra-frame prediction},
  doi={10.1109/ICASSP.2011.5946526},
  ISSN={1520-6149},
}

@ARTICLE{xuwu2009,
  author={Jizheng Xu and Feng Wu and Wenjun Zhang},
  journal={Signal Processing, IEEE Transactions on},
  title={Intra-Predictive Transforms for Block-Based Image Coding},
  year={2009},
  month={Aug},
  volume={57},
  number={8},
  pages={3030-3040},
  keywords={block codes;frequency-domain analysis;image coding;transforms;block-based image coding;coding gain;computational complexity;frequency-domain prediction;inter-block prediction;intra-predictive transforms;stationary Gaussian sources;Image coding;Karhunen–LoÈve transform;Wiener prediction;intra prediction},
  doi={10.1109/TSP.2009.2018359},
  ISSN={1053-587X},
}

@ARTICLE{Fisher1986,
  AUTHOR = "T. R. Fischer",
  TITLE = "A pyramid vector quantizer",
  JOURNAL = "IEEE Trans. on Information Theory",
  VOLUME="32",
  PAGES = "568--583",
  YEAR = "1986"
}

@inproceedings{valin2015spie,
  title = {Perceptual Vector Quantization for Video Coding},
  author = {Valin, Jean-Marc and Terriberry, Timothy B.},
  journal = {SPIE Proceedings},
  volume = {9410},
  year = {2015},
}

@TECHREPORT{bdrate2001,
  author = {G. Bjontegaard},
  title = {Calculation of average PSNR differences between RD-curves},
  number = {VCEG-M33},
  institution = { ITU-T SG16/Q6 },
  address = {Austin, TX, USA},
  institution = {},
  month = {Apr},
  year = {2001}
}

@INPROCEEDINGS{Chen2010,
   author="M.-J. Chen and A. C. Bovik",
   title="Fast structural similarity index algorithm",
   booktitle="Proc. ICASSP",
   pages="994--997",
   month="march",
   year="2010"
}

@inproceedings{pono2007,
  author="Nikolay Ponomarenko and Flavia Silvestri and Karen Egiazarian and Marco Carli and Jaakko Astola and Vladimir Lukin",
  title="On between-coefficient contrast masking of DCT basis functions",
  booktitle="Proceedings of the Third International Workshop on Video Processing and Quality Metrics for Consumer Electronics",
  month="January",
  year="2007"
}

@article{journals/tsp/MalvarS89,
  added-at = {2013-08-22T00:00:00.000+0200},
  author = {Malvar, Henrique S. and Staelin, David H.},
  biburl = {http://www.bibsonomy.org/bibtex/2ed08da979e24c815d146be92e8e159c5/dblp},
  ee = {http://dx.doi.org/10.1109/29.17536},
  interhash = {00aa029a371050c3ad7e0807de77806e},
  intrahash = {ed08da979e24c815d146be92e8e159c5},
  journal = {IEEE Trans. Acoustics, Speech, and Signal Processing},
  keywords = {dblp},
  number = 4,
  pages = {553-559},
  timestamp = {2013-08-23T11:34:31.000+0200},
  title = {The {LOT}: Transform coding without blocking effects.},
  volume = 37,
  year = 1989
}

@inproceedings{doi:10.1117/12.2080529,
 author = {Valin, Jean-Marc and Terriberry, Timothy B.},
 title = { Perceptual vector quantization for video coding },
 journal = {Proc. SPIE},
 volume = {9410},
 pages = {941009-941009-11},
 number = {},
 year = {2015},
 doi = {10.1117/12.2080529},
}

@inproceedings{egge2015spie,
 author = {Egge, Nathan E. and Valin, Jean-Marc},
 title = { Predicting chroma from luma with frequency domain intra prediction },
 journal = {Proc. SPIE},
 volume = {9410},
 number = {},
 pages = {941008-941008-10},
 year = {2015},
 doi = {10.1117/12.2080837},
}
