@inproceedings{LeeCho09,
  author = {Sang-Heon Lee and Nam-Ik Cho}, 
  booktitle = {Image Processing (ICIP), 2009 16th IEEE International Conference on}, 
  title = {Intra prediction method based on the linear relationship between the channels for YUV 4:2:0 intra coding},
  year = {2009}, 
  month = {Nov}, 
  pages = {1037-1040}, 
  keywords = {channel coding;data compression;image colour analysis;image reconstruction;prediction theory;video coding;H.264/AVC;RGB transformation;YUV 4:2:0 intra coding;YUV color space;chrominance channels;chrominance pixels;color image compression;implicit prediction method;interchannel correlation;intra chrominance prediction method;linear function model;luminance channel;luminance signal reconstruction;Automatic voltage control;Color;Compression algorithms;Decorrelation;Image coding;Motion pictures;Parameter estimation;Prediction methods;Predictive models;Video compression;Inter-Channel Correlation;Intra Coding}, 
  doi = {10.1109/ICIP.2009.5413727}, 
  ISSN = {1522-4880},
}

@misc{DaalaWebsite,
  title="Daala website",
  howpublished="\url{https://xiph.org/daala/}"
}

@misc{DaalaGit,
  title="Daala git repository",
  howpublished="\url{https://git.xiph.org/daala.git}"
}

@inproceedings{JCTVCB021,
  author = {Jungsun Kim and SeungWook Park and Younghee Choi and YongJoon Jeon and ByeongMoon Jeon},
  title = {New Intra Chroma Prediction Using Inter-Channel Correlation},
  year = {2010},
  month = {July},
  number = {JCTVC-B021},
  organization = {Joint Collaborative Team on Video Coding (JCT-VC) of ITU-T VCEG and ISO/IEC MPEG},
  address = {Geneva, Switzerland, 2nd meeting}
}
